<record><leader>00000cas a2200000 a 4500</leader><controlfield tag="001">226373885</controlfield><controlfield tag="008">080429c200u9999njuer ne      |    0tur c</controlfield><datafield ind1=" " ind2=" " tag="010"><subfield code="a">  2008222602</subfield></datafield><datafield ind1=" " ind2=" " tag="040"><subfield code="a">CLU</subfield><subfield code="b">eng</subfield><subfield code="c">CLU</subfield><subfield code="d">OCLCQ</subfield><subfield code="d">OCLCF</subfield></datafield><datafield ind1=" " ind2=" " tag="042"><subfield code="a">pcc</subfield></datafield><datafield ind1=" " ind2=" " tag="043"><subfield code="a">n-us-nj</subfield><subfield code="a">a-tu---</subfield></datafield><datafield ind1="0" ind2=" " tag="130"><subfield code="a">Forum (Clifton, N.J.)</subfield></datafield><datafield ind1="1" ind2="0" tag="245"><subfield code="a">Forum.</subfield></datafield><datafield ind1="1" ind2="3" tag="246"><subfield code="a">Forum gazetesi</subfield></datafield><datafield ind1=" " ind2=" " tag="260"><subfield code="a">Clifton, NJ :</subfield><subfield code="b">M. Yes&#807;il</subfield></datafield><datafield ind1=" " ind2=" " tag="310"><subfield code="a">Biweekly</subfield></datafield><datafield ind1=" " ind2=" " tag="546"><subfield code="a">Text in Turkish.</subfield></datafield><datafield ind1=" " ind2=" " tag="588"><subfield code="a">Description based on year 3, issue 52 (Mar. 20, 2006).</subfield></datafield><datafield ind1=" " ind2=" " tag="588"><subfield code="a">Latest issue consulted: Year 4, issue 86 (Dec. 2, 2007).</subfield></datafield><datafield ind1=" " ind2="0" tag="650"><subfield code="a">Turkish Americans</subfield><subfield code="v">Newspapers.</subfield></datafield><datafield ind1=" " ind2="0" tag="650"><subfield code="a">Turks</subfield><subfield code="z">United States</subfield><subfield code="v">Newspapers.</subfield></datafield><datafield ind1=" " ind2="7" tag="655"><subfield code="a">Newspapers.</subfield><subfield code="2">fast</subfield><subfield code="0">(OCoLC)fst01423814</subfield></datafield><datafield ind1=" " ind2="7" tag="650"><subfield code="a">Turkish Americans.</subfield><subfield code="2">fast</subfield><subfield code="0">(OCoLC)fst01159396</subfield></datafield><datafield ind1=" " ind2="7" tag="650"><subfield code="a">Turks.</subfield><subfield code="2">fast</subfield><subfield code="0">(OCoLC)fst01159574</subfield></datafield><datafield ind1=" " ind2="7" tag="651"><subfield code="a">United States.</subfield><subfield code="2">fast</subfield><subfield code="0">(OCoLC)fst01204155</subfield></datafield><datafield ind1=" " ind2=" " tag="752"><subfield code="a">United States</subfield><subfield code="b">New Jersey</subfield><subfield code="c">Passaic</subfield><subfield code="d">Clifton.</subfield></datafield></record>